[gd_scene load_steps=12 format=2]

[ext_resource path="res://Items/armas.png" type="Texture" id=1]
[ext_resource path="res://Items/Short.gd" type="Script" id=2]

[sub_resource type="CapsuleShape2D" id=1]
radius = 1.0
height = 3.0

[sub_resource type="Animation" id=2]
resource_name = "idle_left"
length = 0.2
loop = true
tracks/0/type = "value"
tracks/0/path = NodePath("Sprite:position")
tracks/0/interp = 1
tracks/0/loop_wrap = true
tracks/0/imported = false
tracks/0/enabled = true
tracks/0/keys = {
"times": PoolRealArray( 0 ),
"transitions": PoolRealArray( 1 ),
"update": 0,
"values": [ Vector2( -4, -4 ) ]
}
tracks/1/type = "value"
tracks/1/path = NodePath("Sprite:rotation_degrees")
tracks/1/interp = 1
tracks/1/loop_wrap = true
tracks/1/imported = false
tracks/1/enabled = true
tracks/1/keys = {
"times": PoolRealArray( 0 ),
"transitions": PoolRealArray( 1 ),
"update": 0,
"values": [ 0.0 ]
}
tracks/2/type = "value"
tracks/2/path = NodePath("Sprite/Area2D:monitorable")
tracks/2/interp = 1
tracks/2/loop_wrap = true
tracks/2/imported = false
tracks/2/enabled = true
tracks/2/keys = {
"times": PoolRealArray( 0 ),
"transitions": PoolRealArray( 1 ),
"update": 1,
"values": [ false ]
}
tracks/3/type = "value"
tracks/3/path = NodePath("Sprite/Area2D/CollisionShape2D:position")
tracks/3/interp = 1
tracks/3/loop_wrap = true
tracks/3/imported = false
tracks/3/enabled = true
tracks/3/keys = {
"times": PoolRealArray( 0 ),
"transitions": PoolRealArray( 1 ),
"update": 0,
"values": [ Vector2( -4, -1.5 ) ]
}
tracks/4/type = "value"
tracks/4/path = NodePath("Sprite:flip_h")
tracks/4/interp = 1
tracks/4/loop_wrap = true
tracks/4/imported = false
tracks/4/enabled = true
tracks/4/keys = {
"times": PoolRealArray( 0 ),
"transitions": PoolRealArray( 1 ),
"update": 1,
"values": [ false ]
}

[sub_resource type="Animation" id=3]
resource_name = "idle_right"
length = 0.2
loop = true

[sub_resource type="AnimationNodeBlendSpace2D" id=4]

[sub_resource type="AnimationNodeBlendSpace2D" id=5]

[sub_resource type="AnimationNodeStateMachineTransition" id=6]
switch_mode = 1

[sub_resource type="AnimationNodeStateMachineTransition" id=7]
switch_mode = 2
auto_advance = true

[sub_resource type="AnimationNodeStateMachine" id=8]
states/attack/node = SubResource( 4 )
states/attack/position = Vector2( 363, 60 )
states/idle/node = SubResource( 5 )
states/idle/position = Vector2( 175, 60 )
transitions = [ "idle", "attack", SubResource( 6 ), "attack", "idle", SubResource( 7 ) ]

[sub_resource type="AnimationNodeStateMachinePlayback" id=9]

[node name="Faca" type="Node2D"]
script = ExtResource( 2 )

[node name="Sprite" type="Sprite" parent="."]
position = Vector2( -4, -4 )
texture = ExtResource( 1 )
hframes = 5
frame = 3

[node name="Area2D" type="Area2D" parent="Sprite"]
monitoring = false
monitorable = false
collision_layer = 32
collision_mask = 0

[node name="CollisionShape2D" type="CollisionShape2D" parent="Sprite/Area2D"]
position = Vector2( -4, -1.5 )
shape = SubResource( 1 )

[node name="AnimationPlayer" type="AnimationPlayer" parent="."]
anims/idle_left = SubResource( 2 )
anims/idle_right = SubResource( 3 )

[node name="AnimationTree" type="AnimationTree" parent="."]
tree_root = SubResource( 8 )
anim_player = NodePath("../AnimationPlayer")
parameters/playback = SubResource( 9 )
parameters/attack/blend_position = Vector2( 0, 0 )
parameters/idle/blend_position = Vector2( 0, 0 )
